<?xml version="1.0" encoding="UTF-8"?><collection xmlns="http://www.loc.gov/MARC21/slim"><record><leader>00697nam--2200229-u-4500</leader><controlfield tag="001">000050675</controlfield><controlfield tag="002">20161230</controlfield><controlfield tag="005">20161230201048</controlfield><controlfield tag="008">080311s1000------------r-----000-0-eng-d</controlfield><datafield ind1=" " ind2=" " tag="020"><subfield code="a">0471513393</subfield></datafield><datafield ind1=" " ind2=" " tag="040"><subfield code="a">IFIN-HH</subfield></datafield><datafield ind1=" " ind2=" " tag="080"><subfield code="a">543.44:535.42</subfield></datafield><datafield ind1="1" ind2=" " tag="100"><subfield code="a">Jenkins, Ron</subfield></datafield><datafield ind1="1" ind2="0" tag="245"><subfield code="a">Introduction to X-Ray Powder Diffractometry</subfield><subfield code="c">Ron Jenkins; Robert L. Snyder</subfield></datafield><datafield ind1=" " ind2=" " tag="260"><subfield code="a">New York</subfield><subfield code="b">John Wiley</subfield><subfield code="c">1996</subfield></datafield><datafield ind1=" " ind2=" " tag="300"><subfield code="a">403 p</subfield></datafield><datafield ind1=" " ind2=" " tag="490"><subfield code="a">Chemical Analysis. A Series of Monographs on Analytical Chemistry and its Applications</subfield><subfield code="v">Vol. 138</subfield></datafield><datafield ind1=" " ind2=" " tag="504"><subfield code="a">Includes Index</subfield></datafield><datafield ind1=" " ind2="4" tag="650"><subfield code="a">Characteristics of X-Radiation</subfield></datafield><datafield ind1="1" ind2=" " tag="700"><subfield code="a">Snyder, Robert L</subfield></datafield><datafield ind1=" " ind2=" " tag="852"><subfield code="c">543</subfield></datafield><datafield ind1=" " ind2=" " tag="CAT"><subfield code="a">Sys</subfield><subfield code="c">20110406</subfield><subfield code="h">113554</subfield></datafield></record></collection>